@phdthesis{jacquenot2010,
  TITLE = {{Generic method for geometrical and functional layout optimization}},
  AUTHOR = {Jacquenot, Guillaume},
  URL = {https://tel.archives-ouvertes.fr/tel-00468463},
  SCHOOL = {{Ecole Centrale de Nantes (ECN)}},
  YEAR = {2010},
  MONTH = Jan,
  KEYWORDS = {Placement problem ; Layout problem ; Cutting \& Packing problem ; Generic method ; Multi-objective optimization ; Genetic algorithm ; Separation algorithm ; Placement ; Agencement ; M{\'e}thode g{\'e}n{\'e}rique ; Optimisation multi-objectif ; Algorithme g{\'e}n{\'e}tique ; Algorithme de s{\'e}paration},
  TYPE = {Theses},
  PDF = {https://tel.archives-ouvertes.fr/tel-00468463/file/PhD_Jacquenot_2010_01_18_Layout_optimization.pdf},
  HAL_ID = {tel-00468463},
  HAL_VERSION = {v1},
}

@phdthesis{gotteland2004,
  TITLE = {{Optimisation du trafic au sol sur les grands aéroports}},
  AUTHOR = {Gotteland, Jean-Baptiste},
  URL = {http://ethesis.inp-toulouse.fr/archive/00000076/01/gotteland.pdf},
  SCHOOL = {{Laboratoire d'Optimisation Globale (Toulouse, France)}},
  YEAR = {2004},
  KEYWORDS = {Aéroport - Contrôle aérien - Optimisation - Algorithmes génétiques. KEYWORDS : Airport - Air traffic control - Optimization - Genetic algorithms},
  TYPE = {Theses},
  PDF = {http://ethesis.inp-toulouse.fr/archive/00000076/01/gotteland.pdf}
}

@phdthesis{deau2010optimisation,
	title={Optimisation des s{\'e}quences de pistes et des mouvements au sol sur les grands a{\'e}roports},
	author={Deau, Rapha{\"e}l},
	year={2010},
	school={Institut National Polytechnique de Toulouse}
}

@article{kim98,
title = "The optimal determination of the space requirement and the number of transfer cranes for import containers",
journal = "Computers \& Industrial Engineering",
volume = "35",
number = "3",
pages = "427 - 430",
year = "1998",
note = "Selected Papers from the 22nd ICC and IE Conference",
issn = "0360-8352",
doi = "https://doi.org/10.1016/S0360-8352(98)00125-9",
url = "http://www.sciencedirect.com/science/article/pii/S0360835298001259",
author = "Kap Hwan Kim and Hong Bae Kim",
abstract = "It is discussed how to determine the optimal amount of storage space and the optimal number of transfer cranes for import containers. A cost model is developed for the decision making. It includes the space cost, the fixed cost of transfer cranes which corresponds to the investment cost, the variable cost of transfer cranes and outside trucks which is related to the time spent for the transfer of containers. A simple solution procedure for the optimal solution is provided. The solution procedure is illustrated using a numerical example."
}

@book{allaire2006,
  title={Conception optimale de structures},
  author={de Schoenauer, M. and Allaire, G.},
  isbn={9783540367109},
  series={Math{\'e}matiques et Applications},
  url={https://books.google.fr/books?id=N6Vg0OoqRu8C},
  year={2006},
  publisher={Springer Berlin Heidelberg}
}

@phdthesis{ndiaye2015,
  TITLE = {{Optimization algorithms for the resolution of container storage problem at seaport terminal}},
  AUTHOR = {Ndiaye, Nd{\`e}ye Fatma},
  URL = {https://tel.archives-ouvertes.fr/tel-01255365},
  NUMBER = {2015LEHA0002},
  SCHOOL = {{Universit{\'e} du Havre}},
  YEAR = {2015},
  MONTH = Jun,
  KEYWORDS = {Container storage problem ; Mathematical modelling ; Meta-heuristic ; Branch-and-cut},
  TYPE = {Theses},
  PDF = {https://tel.archives-ouvertes.fr/tel-01255365/file/Ndiaye_Ndeye.pdf},
  HAL_ID = {tel-01255365},
  HAL_VERSION = {v1},
}

@unknown{rekik2015,
author = {I, Rekik and Elkosantini, Sabeur and Chabchoub, Habib},
year = {2015},
month = {01},
pages = {},
title = {Container stacking problem: a survey}
}

@PHDTHESIS{moussi2012,
url = "http://www.theses.fr/2012LEHA0007",
title = "Les techniques modernes de l’optimisation combinatoire pour la résolution de problèmes d’optimisation dans les terminaux portuaires à conteneurs",
author = "Moussi, Riadh",
year = "2012",
pages = "1 vol. (133 p.)",
note = "Thèse de doctorat dirigée par Yassine, Adnan Mathématiques appliquées et informatique Le Havre 2012",
note = "2012LEHA0007",
}

